This file was created with JabRef 2.2b2.
Encoding: Cp1252

@CONFERENCE{ConsensusOpinions,
  author = {A. Valls, V. Torra},
  title = {Explaining the consensus of opinions with the vocabulary of the experts},
  booktitle = {Proc. of the Eighth Conference on Information Processing and Management
	of Uncertainty in Knowledge-Based Systems (IPMU 2000) (ISBN 84-95479-02-8)},
  year = {2000},
  pages = {746-753},
  owner = {I025630},
  timestamp = {2007.03.18}
}

@UNPUBLISHED{COINORGoals,
  author = {Ted Ralphs},
  title = {The COIN-OR Foundation},
  year = {2007},
  note = {Homepage of SYMPHONY director},
  owner = {I025630},
  timestamp = {2007.03.18},
  url = {http://www.lehigh.edu/~tkr2/research/software.html}
}

@MISC{ralphs2005,
  author = {Ralphs, Ted K. and Saltzman, Matthew J. and Wiecek, Margaret M.},
  title = {An Improved Algorithm for Biobjective Integer Programs},
  month = {1},
  year = {2005}
}

@ARTICLE{partitionsOfpartitions,
  author = {A.D. Gordon
	
	M. Vichi},
  title = {Partitions of Partitions},
  journal = {Journal of Classification},
  year = {1998},
  volume = {15},
  pages = {265-285},
  owner = {I025630},
  timestamp = {2007.03.03}
}

@MISC{wiki:OpenMP,
  author = {Wikipedia},
  title = {OpenMP --- Wikipedia{,} The Free Encyclopedia},
  year = {2007},
  note = {[Online; accessed 22-January-2007]},
  url = {http://en.wikipedia.org/w/index.php?title=OpenMP&oldid=102490942}
}

@book{luenberger2003lan,
  title={{Linear and Nonlinear Programming}},
  author={Luenberger, D.G.},
  year={2003},
  publisher={Kluwer Academic Publishers}
}

@misc{ wiki:PVM,
   author = "Wikipedia",
   title = "Parallel Virtual Machine --- Wikipedia{,} The Free Encyclopedia",
   year = "2007",
   url = "http://en.wikipedia.org/wiki/Parallel_Virtual_Machine",
   note = "[Online; accessed 29-April-2007]"
 }
 
 @book{fourer2003aml,
  title={{AMPL: A Modeling Language for Mathematical Programming}},
  author={Fourer, R. and Gay, D.M. and Kernighan, B.W.},
  year={2003},
  publisher={Thomson/Brooks/Cole}
}

 @misc{ wiki:sudoku,
   author = "Wikipedia",
   title = "Sudoku --- Wikipedia{,} The Free Encyclopedia",
   year = "2007",
   url = "http://en.wikipedia.org/w/index.php?title=Sudoku&oldid=128592296",
   note = "[Online; accessed 6-May-2007]"
 }