@article{mcbryan94overview,
    author = "Oliver A. McBryan",
    title = "An overview of message passing environments",
    journal = "Parallel Computing",
    volume = 20,
    number = 4,
    pages = "417--443 (or 417--444??)",
    year = 1994,
    url = "citeseer.ist.psu.edu/mcbryan94overview.html" }

@Article{burns94lam,
  author = 	 {Greg Burns and Raja Daoud and James Vaigl},
  title = 	 {LAM: An Open Cluster Environment for MPI},
  journal = 	 {Proceedings of Supercomputer Symposium '94},
  year = 	 1994
}


@Article{gropp02pvmandmpi,
  author = 	 {William Gropp and Ewing Lusk},
  title = 	 {Goals Guiding Design: PVM and MPI},
  journal = 	 {IEEE Cluster},
  year = 	 2002
}

@article{gropp01mpilessons,
  title={{Learning from the success of MPI}},
  author={Gropp, W.D.},
  journal={International Conference on High Performance Computing (HiPC 2001)},
  year={2001},
  publisher={Springer}
}

@article{gropp96mpich,
  title={{A High-Performance, Portable Implementation of the MPI Message Passing Interface Standard}},
  author={Gropp, W. and Lusk, E.L. and Doss, N. and Skjellum, A.},
  journal={Parallel Computing},
  volume={22},
  number={6},
  pages={789--828},
  year={1996}
}
@article{duncan90survey,
  title={{A survey of parallel computer architectures}},
  author={Duncan, R.},
  journal={Computer},
  volume={23},
  number={2},
  pages={5--16},
  year={1990}
}

@article{nieplocha96gan,
  title={{Global arrays: A nonuniform memory access programming model for high-performance computers}},
  author={Nieplocha, J. and Harrison, R.J. and Littlefield, R.J.},
  journal={The Journal of Supercomputing},
  volume={10},
  number={2},
  pages={169--189},
  year={1996},
  publisher={Springer}
}

@InBook{hpc06chap2,
  editor =	 {Laurence T. Yang and Minyi Guo},
  title = 	 {High-Performance Computing: Paradigm and Infrastructure},
  chapter = 	 2,
  publisher = 	 {Wiley Interscience},
  year = 	 2006,
  pages =	 {21--50}
}

@book{pacheco97parallelprog,
  title={{Parallel Programming with MPI}},
  author={Peter S. Pacheco},
  year={1997},
  publisher={Morgan Kaufmann}
}

@book{geist94pvm,
  title={{Pvm: Parallel Virtual Machine-A Users' Guide and Tutorial for Networked Parallel Computing}},
  author={Al Geist and Adam Beguelin and Jack Dongarra and Weicheng Jiang and Robert Manchek and Vaidy Sunderam},
  year={1994},
  publisher={MIT Press}
}

@article{flynn72sco,
  title={{Some computer organizations and their effectiveness}},
  author={Michael J. Flynn},
  journal={IEEE Transactions on Computers},
  volume={21},
  number={9},
  pages={948--960},
  year={1972}
}


